<?xml version="1.0" encoding="UTF-8"?>
<collection xmlns="http://www.loc.gov/MARC21/slim">
    <record>
        <leader>00000nz  a2200169   4500</leader>
        <controlfield tag="001">30080503</controlfield>
        <controlfield tag="003">RISM</controlfield>
        <controlfield tag="005">20160216</controlfield>
        <controlfield tag="008">160216n||az|||||||##########||||||||||||</controlfield>
        <datafield tag="040" ind1=" " ind2=" ">
            <subfield code="a">HK-HKcl</subfield>
        </datafield>
        <datafield tag="043" ind1=" " ind2=" ">
            <subfield code="c">XB-HK</subfield>
        </datafield>
        <datafield tag="110" ind1="2" ind2=" ">
            <subfield code="a">Hong Kong Central Library</subfield>
            <subfield code="c">Hong Kong</subfield>
            <subfield code="g">HK-HKcl</subfield>
        </datafield>
        <datafield tag="622" ind1=" " ind2=" ">
            <subfield code="e">Hong Kong Central Library, Causeway Bay, 66 Causeway Road, Hong Kong</subfield>
            <subfield code="u">https://www.hkpl.gov.hk/en/hkcl/home/index.html</subfield>
        </datafield>
    </record>
</collection>


